% How to cite webpage: https://tex.stackexchange.com/questions/3587/how-can-i-use-bibtex-to-cite-a-web-page
@misc{2021aspmflightdata,
  title = {Aviation System Performance Metrics},
  author = {{US Federal Aviation Authority}},
  howpublished = {\url{https://aspm.faa.gov/apm/sys/main.asp}},
  note = {Accessed: 2022-08-01}
}

@misc{thebigtaxidataset,
  title = {TLC trip record data.},
  author = {{ew York City Taxi and Limousine Commission}},
  howpublished = {\url{https://www1.nyc.gov/
site/tlc/about/tlc-trip-record-data.page}},
  note = {Accessed: 2022-08-01}
}
% You should lookup the entries defined in bibtex to properly format your .bib file